% References for Dissertation
% Brett Deaton -- Spring 2015

% Entries from NASA ADS.
% Alphabetized by bibtex key.
% Key format is <surname><year>-<unique> where
%   <surname>     1st four (or fewer) letters of the 1st author's surname
%   <date>        four-digit year of publication
%   <unique>      a unique specifier from title, publication, or whatever

% *******************************************************************************
% Macros for journal names are defined at the top, copying SXS's References.bib.
@string{apj =    "Astrophys.\ J."}
@String{cqg =    "Class.\ Quantum Grav."}
@String{mnras =  "Mon.\ Not.\ Roy.\ Astr.\ Soc."}
@String{prd =    "Phys.\ Rev.\ D"}

% *******************************************************************************
@ARTICLE{deat2013-leakage,
   author = {{Deaton}, M.~B. and {Duez}, M.~D. and {Foucart}, F. and {O'Connor}, E. and 
	{Ott}, C.~D. and {Kidder}, L.~E. and {Muhlberger}, C.~D. and 
	{Scheel}, M.~A. and {Szilagyi}, B.},
    title = "{Black Hole-Neutron Star Mergers with a Hot Nuclear Equation of State: Outflow and Neutrino-cooled Disk for a Low-mass, High-spin Case}",
  journal = apj,
archivePrefix = "arXiv",
   eprint = {1304.3384},
 primaryClass = "astro-ph.HE",
 keywords = {black hole physics, gamma-ray burst: general, neutrinos, stars: neutron},
     year = 2013,
    month = oct,
   volume = 776,
      eid = {47},
    pages = {47},
      doi = {10.1088/0004-637X/776/1/47},
   adsurl = {http://adsabs.harvard.edu/abs/2013ApJ...776...47D},
  adsnote = {Provided by the SAO/NASA Astrophysics Data System}
}

